<?xml version="1.0" encoding="UTF-8"?><collection xmlns="http://www.loc.gov/MARC21/slim"><record><leader>00462nam--2200169-i-4500</leader><controlfield tag="001">000039147</controlfield><controlfield tag="002">20161230</controlfield><controlfield tag="005">20170221110256</controlfield><controlfield tag="008">060222s1000------------r-----000-0-eng-d</controlfield><datafield ind1=" " ind2=" " tag="040"><subfield code="a">IFIN-HH</subfield></datafield><datafield ind1=" " ind2=" " tag="080"><subfield code="a">530.141.1</subfield></datafield><datafield ind1="1" ind2=" " tag="100"><subfield code="a">Ring,Peter And Schuch ,Peter</subfield></datafield><datafield ind1="1" ind2="0" tag="245"><subfield code="a">The nuclear many-body problem</subfield></datafield><datafield ind1=" " ind2=" " tag="260"><subfield code="a">New York, Springer-Verlag, 1980. XVII+716 P</subfield></datafield><datafield ind1=" " ind2=" " tag="490"><subfield code="a">Texts And Monographs In Ph</subfield></datafield><datafield ind1=" " ind2=" " tag="852"><subfield code="a">49155</subfield><subfield code="c">539.141</subfield></datafield><datafield ind1=" " ind2=" " tag="CAT"><subfield code="a">SYS</subfield><subfield code="c">20170221</subfield><subfield code="h">110256</subfield></datafield></record></collection>